------------------------------------------------------------------------
 
@ARTICLE{Article,
        AUTHOR =        {},
        TITLE =         {},
        JOURNAL =       {},
        Volume =        {},
        Number =        {},
        Pages =         {},
        Month =         {},
        YEAR =          {},
        Note =          {},
        summary =       {}
        }
@BOOK{Book,
        AUTHOR =        {},
        editor =        {},
        TITLE =         {},
        PUBLISHER =     {},
        YEAR =          {},
        Volume =        {},
        number =        {},
        Series =        {},
        Address =       {},
        Edition =       {},
        Month =         {},
        Note =          {},
        summary =       {}
        }
@BOOKLET{Booklet,
        TITLE =         {},
        Author =        {},
        Howpublished =  {},
        Address =       {},
        Month =         {},
        Year =          {},
        Note =          {},
        summary =       {}
        }
@INBOOK{Inbook,
        AUTHOR =        {},
        editor =        {},
        TITLE =         {},
        CHAPTER =       {},
        pages =         {},
        PUBLISHER =     {},
        YEAR =          {},
        Volume =        {},
        number =        {},
        Series =        {},
        Type =          {},
        Address =       {},
        Edition =       {},
        Month =         {},
        Note =          {},
        summary =       {}
        }
@INCOLLECTION{Incollection,
        AUTHOR =        {},
        TITLE =         {},
        BOOKTITLE =     {},
        PUBLISHER =     {},
        YEAR =          {},
        Editor =        {},
        Volume =        {},
        number =        {},
        Series =        {},
        Type =          {},
        Chapter =       {},
        Pages =         {},
        Address =       {},
        Edition =       {},
        Month =         {},
        Note =          {},
        summary =       {}
        }
@INPROCEEDINGS{Inproceedings,
        AUTHOR =        {},
        TITLE =         {},
        BOOKTITLE =     {},
        YEAR =          {},
        Editor =        {},
        Volume =        {},
        number =        {},
        Series =        {},
        Pages =         {},
        Address =       {},
        Month =         {},
        Organization =  {},
        Publisher =     {},
        Note =          {},
        summary =       {}
        }
@MANUAL{Manual,
        TITLE =         {},
        Author =        {},
        Organization =  {},
        Address =       {},
        Edition =       {},
        Month =         {},
        Year =          {},
        Note =          {},
        summary =       {}
        }
@MASTERSTHESIS{Mastersthesis,
        AUTHOR =        {},
        TITLE =         {},
        SCHOOL =        {},
        YEAR =          {},
        Type =          {},
        Address =       {},
        Month =         {},
        Note =          {},
        summary =       {}
        }
@MISC{Misc,
        Author =        {},
        Title =         {},
        Howpublished =  {},
        Month =         {},
        Year =          {},
        Note =          {},
        summary =       {}
        }
@PHDTHESIS{Phdthesis,
        AUTHOR =        {},
        TITLE =         {},
        SCHOOL =        {},
        YEAR =          {},
        Type =          {},
        Address =       {},
        Month =         {},
        Note =          {},
        summary =       {}
        }
@PROCEEDINGS{Proceedings,
        TITLE =         {},
        YEAR =          {},
        Editor =        {},
        Volume =        {},
        number =        {},
        Series =        {},
        Address =       {},
        Month =         {},
        Organization =  {},
        Publisher =     {},
        Note =          {},
        summary =       {}
        }
@TECHREPORT{Techreport,
        AUTHOR =        {},
        TITLE =         {},
        INSTITUTION =   {},
        YEAR =          {},
        Type =          {},
        Number =        {},
        Address =       {},
        Month =         {},
        Note =          {},
        summary =       {}
        }
@UNPUBLISHED{Unpublished,
        AUTHOR =        {},
        TITLE =         {},
        NOTE =          {},
        Month =         {},
        Year =          {},
        summary =       {}
        }

------------------------------------------------------------------------

@inproceedings{Fringe,
author = {Björnsson, Yngvi and Enzenberger, Markus and Holte, Robert and Schaeffer, Jonathan},
year = {2005},
month = {01},
pages = {},
title = {Fringe Search: Beating A* at Pathfinding on Game Maps.},
journal = {IEEE 2005 Symposium on Computational Intelligence and Games, CIG'05}
}

@inproceedings{GMaps,
author = {Björnsson, Yngvi and Halldórsson, Kári},
year = {2006},
month = {01},
pages = {9-14},
title = {Improved Heuristics for Optimal Path-finding on Game Maps.}
}

@inproceedings{PRS,
    author = {Brand, Sandy and Bidarra, Rafael},
    title = {Parallel Ripple Search – Scalable and Efficient Pathfinding for Multi-Core Architectures},
    year = {2011},
    isbn = {9783642250897},
    publisher = {Springer-Verlag},
    address = {Berlin, Heidelberg},
    url = {https://doi.org/10.1007/978-3-642-25090-3_25},
    doi = {10.1007/978-3-642-25090-3_25},
    booktitle = {Proceedings of the 4th International Conference on Motion in Games},
    pages = {290–303},
    numpages = {14},
    location = {Edinburgh, UK},
    series = {MIG'11}
}

@ARTICLE{6194296,  author={Sturtevant, Nathan R.},  journal={IEEE Transactions on Computational Intelligence and AI in Games},   title={Benchmarks for Grid-Based Pathfinding},   year={2012},  volume={4},  number={2},  pages={144-148},  doi={10.1109/TCIAIG.2012.2197681}}

@inproceedings{hoefler2015,
  title={Scientific benchmarking of parallel computing systems: twelve ways to tell the masses when reporting performance results},
  author={Hoefler, Torsten and Belli, Roberto},
  booktitle={Proceedings of the international conference for high performance computing, networking, storage and analysis},
  pages={1--12},
  year={2015}
}

@inproceedings{bulpin2004,
  title={Multiprogramming performance of the Pentium 4 with Hyper-Threading},
  author={Bulpin, James R and Pratt, Ian A},
  booktitle={Second Annual Workshop on Duplicating, Deconstruction and Debunking (WDDD)},
  pages={53},
  year={2004},
  organization={Citeseer}
}

@misc{libscibench,
  author = {Di Girolamo, Salvatore},
  title = {LibSciBench},
  year = {2016},
  publisher = {GitHub},
  journal = {GitHub repository},
  howpublished = {\url{https://github.com/spcl/liblsb}},
  commit = {91d073d7420b4c4d8d30dab202166f9de7d65a10},
  version = {0.2.2}
}

@misc{heyesAStar,
  author = {Heyes-Jones, Justin},
  title = {A* Algorithm},
  year = {2014},
  publisher = {GitHub},
  journal = {GitHub repository},
  howpublished = {\url{https://github.com/justinhj/astar-algorithm-cpp}},
  commit = {9b2597e10110d1b8c6a297d52fa06500182d89b5},
  version = {1.0.0}
}

@ARTICLE{A*,  
  author={Hart, Peter E. and Nilsson, Nils J. and Raphael, Bertram},  
  journal={IEEE Transactions on Systems Science and Cybernetics},   
  title={A Formal Basis for the Heuristic Determination of Minimum Cost Paths},   
  year={1968},  
  volume={4},  
  number={2},  
  pages={100-107},  
  doi={10.1109/TSSC.1968.300136}
}

@article{Dijkstra,
author = {Dijkstra, E. W.},
title = {A Note on Two Problems in Connexion with Graphs},
year = {1959},
issue_date = {December  1959},
publisher = {Springer-Verlag},
address = {Berlin, Heidelberg},
volume = {1},
number = {1},
issn = {0029-599X},
url = {https://doi.org/10.1007/BF01386390},
doi = {10.1007/BF01386390},
journal = {Numer. Math.},
month = {dec},
pages = {269–271},
numpages = {3}
}

@inproceedings{deadlink,
  title={Implementation of Parallel Path Finding in a Shared Memory Architecture},
  author={David Cohen and M. Dallas},
  year={2010}
}

@misc{oneTBB,
  key   = "oneTBB",
  author = {Intel},
  title = {{oneAPI Threading Building Blocks}},
  note  = "\url{https://oneapi-src.github.io/oneTBB/}",
}

@misc{glm,
  key   = "glm",
  title = {{OpenGL Mathematics (GLM)}},
  note  = "\url{https://glm.g-truc.net/0.9.9/index.html}",
}

@misc{boost,
  key   = "boost",
  title = {{Boost C++ Libraries}},
  note  = "\url{https://www.boost.org/}",
}

@INPROCEEDINGS{parallel-astar,  author={Cvetanovic, Z. and Nofsinger, C.},  booktitle={Twenty-Third Annual Hawaii International Conference on System Sciences},   title={Parallel Astar search on message-passing architectures},   year={1990},  volume={1},  number={},  pages={82-90 vol.1},  doi={10.1109/HICSS.1990.205103}}

@inproceedings{distributed-fringe,
  title={Efficient obstacle avoidance using autonomously generated navigation meshes},
  author={S. Brand},
  year={2009}
}